
@article{knuth1975alphabeta,
  added-at = {2019-02-18T04:29:26.000+0100},
  author = {Knuth, Donald E. and Moore, Ronald W.},
  biburl = {https://www.bibsonomy.org/bibtex/20e02d31553fb00fe105966b3545bb783/anselm},
  citeulike-article-id = {2377493},
  interhash = {6451e23e1735d761fa77de317d1ce67c},
  intrahash = {0e02d31553fb00fe105966b3545bb783},
  journal = {Artificial Intelligence},
  keywords = {alpha-beta game-theory minimax pruning},
  pages = {293--326},
  priority = {2},
  timestamp = {2019-02-18T04:29:26.000+0100},
  title = {An Analysis of Alpha-Beta Pruning},
  volume = 6,
  year = 1975
}

@article{journals/sigart/Fishburn83,
  added-at = {2020-05-19T00:00:00.000+0200},
  author = {Fishburn, John P.},
  biburl = {https://www.bibsonomy.org/bibtex/21a1b604baee0069c15a82f613363d7a1/dblp},
  ee = {https://doi.org/10.1145/1056623.1056628},
  interhash = {0598cc0fec92db149ba82fc5c6e68b12},
  intrahash = {1a1b604baee0069c15a82f613363d7a1},
  journal = {SIGART Newsl.},
  keywords = {dblp},
  pages = {37-38},
  timestamp = {2020-05-20T11:40:17.000+0200},
  title = {Another optimization of alpha-beta search.},
  url = {http://dblp.uni-trier.de/db/journals/sigart/sigartn84.html#Fishburn83},
  volume = 84,
  year = 1983
}

@article{koda,
  added-at = {2020-05-19T00:00:00.000+0200},
  author = {公田藏},
  biburl = {https://www.bibsonomy.org/bibtex/21a1b604baee0069c15a82f613363d7a1/dblp},
  ee = {https://doi.org/10.1145/1056623.1056628},
  interhash = {0598cc0fec92db149ba82fc5c6e68b12},
  intrahash = {1a1b604baee0069c15a82f613363d7a1},
  journal = {数理解析研究所講究録},
  pages = {265-279},
  timestamp = {2020-05-20T11:40:17.000+0200},
  title = {近代日本における, 函数の概念とそれに関連したことがらの受容と普及},
  volume = 1787,
  year = 2012
}
